<record><leader>00000cas a22000007a 4500</leader><controlfield tag="001">24849517</controlfield><controlfield tag="008">911123d19911996azuwr ne      0   a0eng d</controlfield><datafield ind1=" " ind2=" " tag="010"><subfield code="a">sn 91003790 </subfield></datafield><datafield ind1=" " ind2=" " tag="040"><subfield code="a">NSD</subfield><subfield code="b">eng</subfield><subfield code="c">NSD</subfield><subfield code="d">DLC</subfield><subfield code="d">ANN</subfield><subfield code="d">OCLCQ</subfield><subfield code="d">OCLCF</subfield><subfield code="d">OCLCO</subfield></datafield><datafield ind1=" " ind2=" " tag="012"><subfield code="m">1</subfield></datafield><datafield ind1="1" ind2=" " tag="022"><subfield code="a">1060-0256</subfield><subfield code="l">1060-0256</subfield><subfield code="2">1</subfield></datafield><datafield ind1="1" ind2=" " tag="029"><subfield code="a">AU@</subfield><subfield code="b">000020671258</subfield></datafield><datafield ind1=" " ind2=" " tag="032"><subfield code="a">064380</subfield><subfield code="b">USPS</subfield></datafield><datafield ind1=" " ind2=" " tag="042"><subfield code="a">nsdp</subfield></datafield><datafield ind1=" " ind2=" " tag="043"><subfield code="a">n-us-az</subfield></datafield><datafield ind1="0" ind2=" " tag="130"><subfield code="a">Brewery Gulch gazette (Bisbee, Ariz. : 1991)</subfield></datafield><datafield ind1=" " ind2="0" tag="222"><subfield code="a">Brewery Gulch gazette</subfield><subfield code="b">(1991)</subfield></datafield><datafield ind1="0" ind2="0" tag="245"><subfield code="a">Brewery Gulch gazette.</subfield></datafield><datafield ind1=" " ind2=" " tag="260"><subfield code="a">Bisbee, Ariz. :</subfield><subfield code="b">Copper Queen Pub. Co.,</subfield><subfield code="c">1991-</subfield></datafield><datafield ind1=" " ind2=" " tag="300"><subfield code="a">v. :</subfield><subfield code="b">ill.</subfield></datafield><datafield ind1=" " ind2=" " tag="310"><subfield code="a">Weekly</subfield></datafield><datafield ind1="0" ind2=" " tag="362"><subfield code="a">Vol. 59, no. 36 (Sept. 4, 1991)-v. 64, no. 45 (Nov. 6, 1996).</subfield></datafield><datafield ind1=" " ind2="0" tag="651"><subfield code="a">Bisbee (Ariz.)</subfield><subfield code="v">Newspapers.</subfield></datafield><datafield ind1=" " ind2="0" tag="651"><subfield code="a">Cochise County (Ariz.)</subfield><subfield code="v">Newspapers.</subfield></datafield><datafield ind1=" " ind2="7" tag="655"><subfield code="a">Newspapers.</subfield><subfield code="2">fast</subfield><subfield code="0">(OCoLC)fst01423814</subfield></datafield><datafield ind1=" " ind2="7" tag="651"><subfield code="a">Arizona</subfield><subfield code="z">Bisbee.</subfield><subfield code="2">fast</subfield><subfield code="0">(OCoLC)fst01210919</subfield></datafield><datafield ind1=" " ind2="7" tag="651"><subfield code="a">Arizona</subfield><subfield code="z">Cochise County.</subfield><subfield code="2">fast</subfield><subfield code="0">(OCoLC)fst01207405</subfield></datafield><datafield ind1=" " ind2=" " tag="752"><subfield code="a">United States</subfield><subfield code="b">Arizona</subfield><subfield code="c">Cochise</subfield><subfield code="d">Bisbee.</subfield></datafield><datafield ind1="0" ind2="0" tag="780"><subfield code="t">Bisbee gazette</subfield><subfield code="x">0895-4240</subfield><subfield code="w">(DLC)sn 87002534</subfield><subfield code="w">(OCoLC)16639967</subfield></datafield><datafield ind1="0" ind2="4" tag="785"><subfield code="t">Bisbee news</subfield><subfield code="w">(DLC)sn 98058175</subfield></datafield></record>